@book{ 
    mitchell97,
    author = {Tom M. Mitchell},
    title = {Machine Learning},
    year = {1997},
    month = mar,
    isbn = {0-07-042807-7},
    pages = {432},
    publisher = {McGraw-Hill},
    address = {New York City}
    }

@misc{
    goodfellow16,
    title = {Deep Learning},
    author = {Ian Goodfellow and Yoshua Bengio and Aaron Courville},
    note = {Book in preparation for MIT Press},
    url = {http://www.deeplearningbook.org},
    year = {2016}
}

@book{
    russell10,
    author = {Russell, Stuart J. and Norvig, Peter},
    title = {Artificial Intelligence: A Modern Approach},
    year = 2010,
    isbn = {978-0-13-604259-4},
    edition = {3},
    publisher = {Pearson Education},
    address = {Boston}
}

@article{
    theano,
    author = {{Theano Development Team}},
    title = {
        Theano: A {Python} framework for fast computation of mathematical
        expressions
    },
    journal = {arXiv e-prints},
    volume = {abs/1605.02688},
    primaryClass = "cs.SC",
    year = 2016,
    month = may,
    pages = 19,
    url = {http://arxiv.org/abs/1605.02688}
}

@misc{
    tensorflow,
    title = {
        TensorFlow: Large-Scale Machine Learning on Heterogeneous Distributed
        Systems
    },
    author = {
        Martín Abadi and Ashish Agarwal and Paul Barham and Eugene Brevdo and
        Zhifeng Chen and Craig Citro and Greg Corrado and Andy Davis and
        Jeffrey Dean and Matthieu Devin and Sanjay Ghemawat and Ian Goodfellow
        and Andrew Harp and Geoffrey Irving and Michael Isard and Yangqing Jia
        and Rafal Jozefowicz and Lukasz Kaiser and Manjunath Kudlur and Josh
        Levenberg and Dan Mané and Rajat Monga and Sherry Moore and Derek
        Murray and Chris Olah and Mike Schuster and Jonathon Shlens and Benoit
        Steiner and Ilya Sutskever and Kunal Talwar and Paul Tucker and Vincent
        Vanhoucke and Vijay Vasudevan and Fernanda Viégas and Oriol Vinyals and
        Pete Warden and Martin Wattenberg and Martin Wicke and Yuan Yu and
        Xiaoqiang Zheng
    },
    year = 2015,
    url = {http://download.tensorflow.org/paper/whitepaper2015.pdf}
}

@misc{
    fits-support-office,
    title = {{The FITS Support Office}},
    url = {http://fits.gsfc.nasa.gov/},
    author = {Dr. Thomas A. McGlynn},
    note = {Accessed: 2016-12-11}
}

@article{
    samuel95,
    author = {Arthur Samuel},
    title = {Some Studies in Machine Learning Using the Game of Checkers},
    journal = {IBM J. Res. Dev.},
    issue_date = {July 1959},
    volume = {3},
    number = {3},
    month = jul,
    year = {1959},
    issn = {0018-8646},
    pages = {210--229},
    numpages = {20},
    url = {http://dx.doi.org/10.1147/rd.33.0210},
    doi = {10.1147/rd.33.0210},
    acmid = {1661924},
    publisher = {IBM Corp.},
    address = {Riverton, NJ, USA},
}

@misc{
    cs231n,
    author = {Andrej Karpathy},
    title = {CS231n},
    url = {http://cs231n.github.io/},
    urldate = {2016-12-11}
}
