@book{ 
    mitchell97,
    author = {Tom M. Mitchell},
    title = {Machine Learning},
    year = {1997},
    month = mar,
    isbn = {0-07-042807-7},
    pages = {432},
    publisher = {McGraw-Hill},
    address = {New York City}
    }

@misc{
    goodfellow16,
    title = {Deep Learning},
    author = {Ian Goodfellow and Yoshua Bengio and Aaron Courville},
    note = {Book in preparation for MIT Press},
    url = {http://www.deeplearningbook.org},
    year = {2016},
}

@book{
    russell10,
    author = {Russell, Stuart J. and Norvig, Peter},
    title = {Artificial Intelligence: A Modern Approach},
    year = 2010,
    isbn = {978-0-13-604259-4},
    edition = {3},
    publisher = {Pearson Education},
    address = {Boston}
}

@misc{
    cs231n,
    author = {Andrej Karpathy},
    title = {CS231n},
    year = 1999,
    url = {http://cs231n.github.io/},
    urldate = {2016-12-11}
}

@article{
    theano,
    author = {{Theano Development Team}},
    title = {
        Theano: A {Python} framework for fast computation of mathematical
        expressions
    },
    journal = {arXiv e-prints},
    volume = {abs/1605.02688},
    primaryClass = "cs.SC",
    year = 2016,
    month = may,
    pages = 19,
    url = {http://arxiv.org/abs/1605.02688}
}
